<collection xmlns="http://www.loc.gov/MARC21/slim">
<record>
  <leader>02000nam0a2200313 i 450 </leader>
  <controlfield tag="001">IT\ICCU\CNCE\018878</controlfield>
  <controlfield tag="005">20071016000000.0</controlfield>
  <datafield tag="012" ind1=" " ind2=" ">
    <subfield code="a">a-n- taan imos sahu (3) 1585 (R)</subfield>
    <subfield code="2">fei</subfield>
  </datafield>
  <datafield tag="100" ind1=" " ind2=" ">
    <subfield code="a">19970101d1585        0itac0103    ba</subfield>
  </datafield>
  <datafield tag="101" ind1=" " ind2=" ">
    <subfield code="a">LAT</subfield>
  </datafield>
  <datafield tag="102" ind1=" " ind2=" ">
    <subfield code="a">IT</subfield>
  </datafield>
  <datafield tag="200" ind1="1" ind2=" ">
    <subfield code="a">℗Donati Antonii Ferri, medici, ac philosophi Triuicani. ℗De podagra enchiridion. Quod quidem plurima ad medicinae theoricam &amp; practicam; nec non omnia ad sanitatem tuendam necessaria comprehendit</subfield>
  </datafield>
  <datafield tag="210" ind1=" " ind2=" ">
    <subfield code="a">Neapoli</subfield>
    <subfield code="c">apud Horatium Saluianum</subfield>
    <subfield code="d">&amp; Caesarem Caesaris</subfield>
    <subfield code="d">1585</subfield>
    <subfield code="e">Neapoli</subfield>
    <subfield code="g">apud Horatium Saluianum</subfield>
    <subfield code="h">et Caesarem Caesaris</subfield>
    <subfield code="h">1584</subfield>
  </datafield>
  <datafield tag="215" ind1=" " ind2=" ">
    <subfield code="a">481, \37! p.</subfield>
    <subfield code="d">8ʻ</subfield>
  </datafield>
  <datafield tag="620" ind1=" " ind2=" ">
    <subfield code="a">IT</subfield>
    <subfield code="d">Napoli</subfield>
  </datafield>
  <datafield tag="700" ind1=" " ind2="1">
    <subfield code="a">Ferro,</subfield>
    <subfield code="b">Donato Antonio</subfield>
    <subfield code="3">IT\ICCU\CNCA\005352</subfield>
  </datafield>
  <datafield tag="712" ind1="0" ind2="0">
    <subfield code="a">Salviani, Orazio &amp; Cesari, Cesare</subfield>
    <subfield code="3">IT\ICCU\CNCT\000410</subfield>
    <subfield code="4">650</subfield>
  </datafield>
  <datafield tag="790" ind1=" " ind2="1">
    <subfield code="a">Ferrus,</subfield>
    <subfield code="b">Donatus Antonius</subfield>
    <subfield code="3">IT\ICCU\CNCA\019423</subfield>
    <subfield code="z">Ferro, Donato Antonio</subfield>
  </datafield>
  <datafield tag="790" ind1=" " ind2="1">
    <subfield code="a">Ferri,</subfield>
    <subfield code="b">Donato Antonio</subfield>
    <subfield code="3">IT\ICCU\CNCA\022354</subfield>
    <subfield code="z">Ferro, Donato Antonio</subfield>
  </datafield>
  <datafield tag="791" ind1="0" ind2="0">
    <subfield code="a">Cesari, Cesare</subfield>
    <subfield code="3">IT\ICCU\CNCT\002297</subfield>
    <subfield code="z">Salviani, Orazio &amp; Cesari, Cesare</subfield>
  </datafield>
  <datafield tag="801" ind1=" " ind2="3">
    <subfield code="a">IT</subfield>
    <subfield code="b">ICCU</subfield>
    <subfield code="c">20201114</subfield>
  </datafield>
  <datafield tag="899" ind1=" " ind2=" ">
    <subfield code="a">Biblioteca universitaria. Bologna</subfield>
    <subfield code="1">BO0098</subfield>
    <subfield code="2">UBO BU</subfield>
  </datafield>
  <datafield tag="899" ind1=" " ind2=" ">
    <subfield code="a">Biblioteca statale del Monumento nazionale di Montecassino. Cassino</subfield>
    <subfield code="1">FR0084</subfield>
    <subfield code="2">RML 25</subfield>
  </datafield>
  <datafield tag="899" ind1=" " ind2=" ">
    <subfield code="a">Biblioteca nazionale Vittorio Emanuele III. Napoli</subfield>
    <subfield code="1">NA0079</subfield>
    <subfield code="2">NAP BN</subfield>
  </datafield>
  <datafield tag="899" ind1=" " ind2=" ">
    <subfield code="a">Biblioteca del Seminario Vescovile della Facolt ̉Teologica del Triveneto dell&apos;Istituto Filosofico Aloisianum. Padova</subfield>
    <subfield code="1">PD0073</subfield>
    <subfield code="2">PUV 01</subfield>
  </datafield>
  <datafield tag="899" ind1=" " ind2=" ">
    <subfield code="a">Biblioteca universitaria. Padova</subfield>
    <subfield code="1">PD0158</subfield>
    <subfield code="2">PUV 00</subfield>
  </datafield>
  <datafield tag="899" ind1=" " ind2=" ">
    <subfield code="a">Biblioteca civica Gambalunghiana. Rimini</subfield>
    <subfield code="1">RN0013</subfield>
    <subfield code="2">RAV RI</subfield>
  </datafield>
  <datafield tag="911" ind1=" " ind2=" ">
    <subfield code="a">Sul front.</subfield>
    <subfield code="9">IT\ICCU\CNCM\000509</subfield>
  </datafield>
  <datafield tag="921" ind1=" " ind2=" ">
    <subfield code="a">IT\ICCU\CNCM\000509</subfield>
    <subfield code="b">Ges ̮bambino benedicente su un&apos;aquila, con globo sormontato da croce nella mano sinistra. Ai lati rami di palma e olivo.</subfield>
    <subfield code="e">1) Ex me pax tibi et victoria. 2)Sicut aquila prouocans ad volandum pullos suos.</subfield>
    <subfield code="c">V131</subfield>
    <subfield code="c">Z610</subfield>
    <subfield code="d">Dimensioni: 4,7 x 6,4. Con o senza motto</subfield>
    <subfield code="f">EXMEPAXTIB</subfield>
    <subfield code="f">AQUILA</subfield>
    <subfield code="f">GESU</subfield>
    <subfield code="f">MONDO</subfield>
    <subfield code="f">RAMI</subfield>
    <subfield code="g">1580-1600</subfield>
  </datafield>
</record>
</collection>
